@article{ cichocki2017electric,
title={Electric propulsion subsystem optimization for “Ion Beam Shepherd” missions},
author={Cichocki, Filippo and Merino, M and Ahedo, E and Smirnova, M and Mingo, A and Dobkevicius,M},
journal={Journal of Propulsion and Power},
volume={33},
number={2},
pages={370 378},
year={2017},
publisher={American Institute of Aeronautics and Astronautics}
}
@article{drew2018toward,
title={Toward controlled flight of the ionocraft: a flying microrobot using electrohydrodynamic thrust
with onboard sensing and no moving parts},
author={Drew, Daniel S and Lambert, Nathan O and Schindler, Craig B and Pister, Kristofer SJ},
journal={IEEE Robotics and Automation Letters},
volume={3},
number={4},
pages={2807 2813},
year={2018},
publisher={IEEE}
}
@article{sakr1,
title={Time Dependent Modelling and Simulation of the Corona Discharge in Electrostatic Precipitators},
author={Eduard Potrymai, Ivan Perstnov},
journal={Linnaeus University},
volume={1},
number={2},
pages={15 20},
year={2014},
publisher={Linnaeus University}
}
@article{sakr2,
title={Numerical Simulation of the Effect of EHD Flow
on Corona Discharge in Compressed Air},
author={Lin Zhao, Kazimierz Adamiak},
journal={IEEE TRANSACTIONS ON INDUSTRY APPLICATIONS},
volume={49},
number={1},
pages={298 304},
year={2013},
publisher={IEEE}
}
