@phdthesis{SakrRef,
  title={Study of Ion propulsion technology and possible practical applications},
  author={Nyk{\v{s}}telis, Rytis},
  year={2021},
  school={Kauno technologijos universitetas}
}
@inproceedings{NASARef,
  title={An ion propulsion system for NASA's deep space missions},
  author={Rawlin, Vincent and Sovey, James and Hamley, John and Bond, Thomas and Matranga, Michael and Stocky, John},
  booktitle={Space Technology Conference and Exposition},
  pages={4612},
  year={1999}
}
@article{first,
  title={High efficiency Lifter based on the Biefeld-Brown effect},
  author={Einat, Moshe and Kalderon, Roy},
  journal={AIP Advances},
  volume={4},
  number={7},
  year={2014},
  publisher={AIP Publishing}
}
@article{aerodynamicModels,
  title={Surface aerodynamic model of the lifter},
  author={Chen, Ma and Rong-De, Lu and Bang-Jiao, Ye},
  journal={Journal of Electrostatics},
  volume={71},
  number={2},
  pages={134--139},
  year={2013},
  publisher={Elsevier}
}

